%% This BibTeX bibliography file was created using BibDesk.
%% http://bibdesk.sourceforge.net/


%% Created for Christophe at 2011-09-19 12:43:18 +0200 


%% Saved with string encoding Occidental (Windows Latin 1) 



@inproceedings{riley2003georgia,
	Author = {Riley, G.F.},
	Booktitle = {Proceedings of the ACM SIGCOMM workshop on Models, {M}ethods and {T}ools for {R}eproducible {N}etwork {R}esearch},
	Date-Modified = {2011-09-19 10:43:07 +0000},
	Organization = {ACM},
	Pages = {5--12},
	Title = {The {G}eorgia {T}ech {N}etwork {S}imulator},
	Year = {2003}}

@article{cowie:42,
	Author = {James H. Cowie and David M. Nicol and Andy T. Ogielski},
	Date-Added = {2011-09-19 10:26:18 +0000},
	Date-Modified = {2011-09-19 10:26:18 +0000},
	Journal = {Computing in Science \& Engineering},
	Keywords = {Internet; modelling; network topology; simulation; large-scale systems; software engineering; telecommunication traffic; network routing},
	Number = {1},
	Pages = {42-50},
	Publisher = {IEEE},
	Title = {Modeling the Global Internet},
	Url = {http://link.aip.org/link/?CSX/1/42/1},
	Volume = {1},
	Year = {1999},
	Bdsk-Url-1 = {http://link.aip.org/link/?CSX/1/42/1}}

@webpage{ns2,
	Date-Added = {2011-09-19 09:50:39 +0000},
	Date-Modified = {2011-09-19 10:15:54 +0000},
	Lastchecked = {19 september 2011},
	Title = {The Network Simulator (ns2)\quad \url{http://nsnam.isi.edu/nsnam/}},
	Url = {http://nsnam.isi.edu/nsnam/},
	Urldate = {21 march 2011},
	Bdsk-Url-1 = {http://nsnam.isi.edu/nsnam/}}

@misc{Ommunications_asurvey,
	Author = {Eng Keong Lua and Jon Crowcroft and Marcelo Pias and University Of Cambridge and Ravi Sharma and Nanyang Technological University and Steven Lim and Microsoft Asia},
	Title = {A SURVEY AND COMPARISON OF PEER-TO-PEER OVERLAY NETWORK SCHEMES},
	Year = {2005}}

@phdthesis{Dah05,
	Abstract = {Afin d'am{\'e}liorer les performances des d{\'e}couvertes de service utilisant des algorithmes de recherches par voisinage, nous proposons une nouvelle topologie permettant de cr{\'e}er des arbres sans point de contention. Pour y parvenir, nous avons r{\'e}ussi {\`a} cr{\'e}er un arbre o{\`u} tous les noeuds jouent {\`a} la fois le r{\^o}le de feuille, de racine et de noeuds interm{\'e}diaires. 

 Les grilles de calcul ont pour objectif de faire partager des ressources informatiques {\`a} grande {\'e}chelle. Dans ce cadre, il est n{\'e}cessaire de trouver efficacement, {\`a} grande {\'e}chelle, des services de calcul libres poss{\'e}dant les logiciels n{\'e}cessaires aux calculs d{\'e}sir{\'e}s par un client. Nous proposons de relier les services de calcul {\`a} l'aide d'un graphe de communications permettant de trouver ces services {\`a} l'aide de recherches par voisinage. 

 Deux topologies sont couramment utilis{\'e}es pour former ces graphes de communications : ce sont les arbres et les graphes pseudo-al{\'e}atoires. Les arbres permettent de r{\'e}aliser des parcours avec un nombre de messages optimal. Mais les arbres souffrent de noeuds de contention qui limitent le nombre de recherches pouvant {\^e}tre effectu{\'e}es de mani{\`e}re simultan{\'e}e. Les graphes pseudo-al{\'e}atoires utilisent plus de messages mais supportent une charge de recherchent plus importante. De plus, bien qu'elles g{\'e}n{\`e}rent plus de messages, les recherches par voisinage sont en g{\'e}n{\'e}rale plus rapides sur un graphe pseudo-al{\'e}atoire que sur un arbre dans un contexte d'algorithmique distribu{\'e}e. 

 Pour r{\'e}soudre ce probl{\`e}me, la nouvelle topologie d'arbre propos{\'e}e est d{\'e}nu{\'e}e des points de contention typique des arbres classiques. Si chaque noeud de l'arbre {\'e}tait un ordinateur, des ordinateurs seraient des feuilles se contentant de recevoir des messages et les autres ordinateurs seraient des noeuds interm{\'e}diaires acheminant les messages de recherche. Afin de mettre tous les ordinateurs sur un pied d'{\'e}galit{\'e}, nous distribuons le r{\^o}le des noeuds interm{\'e}diaires entre plusieurs ressources. Ce nouvel arbre que nous proposons est construit de mani{\`e}re r{\'e}cursive de la mani{\`e}re suivante : toutes les ressources sont des feuilles ; un noeud interm{\'e}diaire est non pas une ressource mais un graphe complet de ses fils. Nous avons montr{\'e} qu'un tel arbre {\'e}tait r{\'e}alisable et qu'il permettait de r{\'e}aliser des recherches par voisinage avec des algorithmes de parcours d'arbre tout en r{\'e}partissant la charge d'une mani{\`e}re similaire aux parcours de graphe. Il en r{\'e}sulte des performances concernant la vitesse de recherche et de charge support{\'e}e qui sont sup{\'e}rieures aux m{\^e}mes recherches sur des arbres classiques ou sur des graphes pseudo-al{\'e}atoires.},
	Author = {Dahan, S.},
	Equipe = {SDR},
	Month = {13 d\'ecembre},
	Note = {Rapporteurs~: J.-F.~M\`ehaut, Professeur (IMAG, Univ. J. Fourier, Grenoble 1), P.~Sens, Professeur (LIP6, Univ. Paris 6). Examinateurs~: E. Caron, MdC (LIP, ENS Lyon), H.~Guyennet, Professeur (LIFC, Univ. Franche-Comt\'e), J.-M.~Nicod, MdC (LIFC, Univ. Franche-Comt\'e). Directeur~: L.~Philippe, Professeur (LIFC, Univ. Franche-Comt\'e)},
	Pdf = {/~publis/manuscrits/theseDahan05.pdf},
	School = {LIFC, Universit\'e de Franche-Comt\'e},
	Title = {M\'ecanismes de recherche de services extensibles pour les environnements de grilles de calcul},
	Type = {Th\`ese de {D}octorat},
	Year = 2005}

@techreport{ddnp07:ir,
	Abstract = { Random graph and tree are two topologies used to build overlay networks. These overlay networks may be used by large scale discovery mechanisms to run search algorithms. The Distributed Spanning Tree (DST) is another topology that may be used as overlay. In a DST, every computer is a leaf. DST's non-leaf nodes are sets of computers instead of computers. Thus, it allows the use of tree traversal algorithms while avoiding the usual tree's bottlenecks. As a result, the DST allows more efficient executions of search algorithms in term of number of sent messages and in term of load balancing. In this paper, we describe the results of several simulations of flooding algorithm executions. These simulations are run on the three previous topologies and for different numbers of nodes. These simulations indicate that the DST structure is more efficient than graph topology which, in turn, is more efficient than tree topology in term of traversal speed and in term of supported load for every simulated scale. We study as well the behaviour of the DST when nodes are added or deleted to show that the structure is adapted to dynamic environments.},
	Author = {Dahan, Sylvain and Dobrila, Alexandru and Nicod, Jean-Marc and Philippe, Laurent},
	Classement = {*},
	Domainehal = {INFO:INFO_NI, INFO:INFO_DC, INFO:INFO_IU},
	Equipe = {cartoon},
	Inhal = {no},
	Institution = {LIFC - Laboratoire d'{I}nformatique de l'{U}niversit\'{e} de {F}ranche {C}omt\'{e}},
	Keyword = {Distributed Spanning Tree, random graph, tree, overlay network, simulation},
	Month = nov,
	Number = {RR2007-02},
	Pdf = {/~publis/papers/pub/2007/RR2007-02.pdf},
	Title = {Performances study of management and traversal algorithms on the {DST} overlay network},
	Type = {Research Report},
	Year = 2007}

@techreport{Stutzbach:2004,
	Author = {D. Stutzbach and R. Rejaie},
	Institution = {University of Oregon},
	Month = {November},
	Number = {CIS-TR-04-02},
	Title = {Characterizing today's Gnutella topology},
	Type = {Technical Report},
	Year = {2004}}

@inproceedings{ddnp08:np,
	Address = {Fribourg, Switzerland},
	Author = {Dahan, Sylvain and Dobrila, Alexandru and Nicod, Jean-Marc and Philippe, Laurent},
	Booktitle = {CFSE'6, 6\`eme Conf. Fran\c{c}aise en Syst\`emes d'Exploitation},
	Classement = {ACTN},
	Domainehal = {INFO:INFO_NI, INFO:INFO_DC, INFO:INFO_IU},
	Equipe = {cartoon},
	Inhal = {no},
	Month = feb,
	Note = {Publication \'electronique},
	Pages = {(6 pages)},
	Title = {{\'E}tude des performances du Distributed Spanning Tree~: un Overlay Network pour la Recherche de Services},
	Year = 2008}

@inproceedings{dnp05:oip,
	Address = {Cardiff, United Kingdom},
	Author = {Dahan, Sylvain and Nicod, Jean-Marc and Philippe, Laurent},
	Booktitle = {5th Int. Symposium on Cluster Computing and the Grid (CCGrid 2005), workshop on Global and Peer-to-Peer Computing, GP2PC~2005},
	Inhal = {no},
	Month = may,
	Note = {CD-ROM},
	Publisher = {IEEE Computer Society Press},
	Title = {The {D}istributed {S}panning {T}ree: A Scalable Interconnection Topology for Efficient and Equitable Traversal},
	Year = 2005}

@incollection{springerlink:10.1007/11530657_7,
	Abstract = {7.1 Distributed Management and Retrieval of Data},
	Affiliation = {University of T\"ubingen},
	Author = {Wehrle, Klaus and G\"otz, Stefan and Rieche, Simon},
	Booktitle = {Peer-to-Peer Systems and Applications},
	Editor = {Steinmetz, Ralf and Wehrle, Klaus},
	Note = {10.1007/11530657\_7},
	Pages = {79-93},
	Publisher = {Springer Berlin / Heidelberg},
	Series = {Lecture Notes in Computer Science},
	Title = {7. Distributed Hash Tables},
	Url = {http://dx.doi.org/10.1007/11530657_7},
	Volume = {3485},
	Year = {2005},
	Bdsk-Url-1 = {http://dx.doi.org/10.1007/11530657_7}}

@article{Stoica:2001:CSP:964723.383071,
	Acmid = {383071},
	Address = {New York, NY, USA},
	Author = {Stoica, Ion and Morris, Robert and Karger, David and Kaashoek, M. Frans and Balakrishnan, Hari},
	Doi = {http://doi.acm.org/10.1145/964723.383071},
	Issn = {0146-4833},
	Issue = {4},
	Journal = {SIGCOMM Comput. Commun. Rev.},
	Month = {August},
	Numpages = {12},
	Pages = {149--160},
	Publisher = {ACM},
	Title = {Chord: A scalable peer-to-peer lookup service for internet applications},
	Url = {http://doi.acm.org/10.1145/964723.383071},
	Volume = {31},
	Year = {2001},
	Bdsk-Url-1 = {http://doi.acm.org/10.1145/964723.383071}}

@phdthesis{KTARI:2009:PASTEL-00005737:1,
	Abstract = {{L}es syst{\`e}mes pair-{\`a}-pair sont l'outil de choix pour r{\'e}aliser un syst{\`e}me informatique autonome tout en assurant sa haute disponibilit{\'e} au co{\^u}t relativement faible. {C}es syst{\`e}mes sont toutefois complexes {\`a} concevoir et posent divers probl{\`e}mes li{\'e}s {\`a} la gestion de l'espace virtuel (overlay) cr{\'e}e. {N}ous nous concentrons principalement sur deux aspects de ces environnements : l'organisation des noeuds dans l'overlay dynamique et l'organisation des donn{\'e}es dans ce dernier. {C}oncernant l'organisation des noeuds dans l'overlay, nous proposons {P}ower {DHT}, une nouvelle structure d'interconnexion et de routage. {P}artant de l'h{\'e}t{\'e}rog{\'e}n{\'e}it{\'e} observ{\'e}e dans les tables de hachage ({DHT}s) d{\'e}ploy{\'e}es, nous transformons dynamiquement la {DHT} vers une structure d{\'e}centralis{\'e}e, exhibant les propri{\'e}t{\'e}s d'un graphe sans {\'e}chelle (distribution des degr{\'e}s, faible diam{\`e}tre). {N}ous exploitons les propri{\'e}t{\'e}s de cette nouvelle structure et impl{\'e}mentons {\`a} la fois le routage {KBR} ({K}ey {B}ased {R}outing), offrant un diam{\`e}tre plus court {\`a} un co{\^u}t de signalisation moindre, et le support de la diffusion efficace, r{\'e}alisant ainsi des recherches floues. {Q}uant {\`a} l'organisation des donn{\'e}es dans l'espace virtuel, nous employons la r{\'e}plication pour am{\'e}liorer la disponibilit{\'e} et l'accessibilit{\'e} des objets de l'overlay potentiellement instable. {N}ous avons impl{\'e}ment{\'e} et {\'e}valu{\'e} diff{\'e}rentes m{\'e}thodes de r{\'e}plication. {N}ous choisissons d'int{\'e}grer {\`a} notre structure la r{\'e}plication sym{\'e}trique. {A} partir de ces r{\'e}sultats, nous avons con{\c{c}}u un m{\'e}canisme d'inondation efficace pour les syst{\`e}mes {P}2{P} structur{\'e}s. {C}e m{\'e}canisme, {\'e}valu{\'e} sur notre plate-forme, exploite la structure de la {DHT} et les propri{\'e}t{\'e}s de la r{\'e}plication sym{\'e}trique pour permettre les recherches floues dans les {DHT}s, tout en limitant le co{\^u}t de signalisation.},
	Author = {{K}tari, {S}alma},
	Day = {14},
	Hal_Id = {pastel-00005737},
	Keywords = {{R}{\'e}seaux sans {\'e}chelle; {I}nondation},
	Month = {12},
	School = {{T}{\'e}l{\'e}com {P}aris{T}ech},
	Title = {{I}nterconnexion et routage dans les syst{\`e}mes pair {\`a} pair},
	Url = {http://pastel.archives-ouvertes.fr/pastel-00005737/PDF/rapport_final_pastel.pdf},
	Year = {2009},
	Bdsk-Url-1 = {http://pastel.archives-ouvertes.fr/pastel-00005737/PDF/rapport_final_pastel.pdf}}

@inproceedings{Ratnasamy:2001:SCN:383059.383072,
	Acmid = {383072},
	Address = {New York, NY, USA},
	Author = {Ratnasamy, Sylvia and Francis, Paul and Handley, Mark and Karp, Richard and Shenker, Scott},
	Booktitle = {Proceedings of the 2001 conference on Applications, technologies, architectures, and protocols for computer communications},
	Doi = {http://doi.acm.org/10.1145/383059.383072},
	Isbn = {1-58113-411-8},
	Location = {San Diego, California, United States},
	Numpages = {12},
	Pages = {161--172},
	Publisher = {ACM},
	Series = {SIGCOMM '01},
	Title = {A scalable content-addressable network},
	Url = {http://doi.acm.org/10.1145/383059.383072},
	Year = {2001},
	Bdsk-Url-1 = {http://doi.acm.org/10.1145/383059.383072}}

@article{ROWSTRONA.:2001,
	Author = {Rowstron Antony and Peter Druschel},
	Journal = {International Conference on Distributed Systems Platforms (Middleware), Heidelberg, Germany, November, 2001},
	Title = {Pastry : Scalable, Distributed object location and routing for large-scale peer-to-peer systems},
	Url = {http://ci.nii.ac.jp/naid/10015197640/en/},
	Year = {2001},
	Bdsk-Url-1 = {http://ci.nii.ac.jp/naid/10015197640/en/}}

@inproceedings{simgrid,
	Author = {Casanova, Henri and Legrand, Arnaud and Quinson, Martin},
	Booktitle = {10th IEEE International Conference on Computer Modeling and Simulation},
	Month = mar,
	Title = {{SimGrid: a Generic Framework for Large-Scale Distributed Experiments}},
	Year = 2008}

@phdthesis{dobrila07:mr,
	Author = {Dobrila, Alexandru},
	Equipe = {SDR},
	Month = {28 ao\^ut},
	Note = {Jury~: J.-M. Nicod, F. Bouquet, L. Philippe},
	School = {LIFC, Universit\'e de Franche-Comt\'e},
	Title = {Distributed Spanning Tree : une topologie pour la recherche de services de calcul sur la grille},
	Type = {M\'emoire de {M}aster {R}echerche},
	Year = 2007}

@inproceedings{Karger:1997:CHR:258533.258660,
	Acmid = {258660},
	Address = {New York, NY, USA},
	Author = {Karger, David and Lehman, Eric and Leighton, Tom and Panigrahy, Rina and Levine, Matthew and Lewin, Daniel},
	Booktitle = {Proceedings of the twenty-ninth annual ACM symposium on Theory of computing},
	Doi = {http://doi.acm.org/10.1145/258533.258660},
	Isbn = {0-89791-888-6},
	Location = {El Paso, Texas, United States},
	Numpages = {10},
	Pages = {654--663},
	Publisher = {ACM},
	Series = {STOC '97},
	Title = {Consistent hashing and random trees: distributed caching protocols for relieving hot spots on the World Wide Web},
	Url = {http://doi.acm.org/10.1145/258533.258660},
	Year = {1997},
	Bdsk-Url-1 = {http://doi.acm.org/10.1145/258533.258660}}
